<?xml version="1.0" encoding="UTF-8"?><collection xmlns="http://www.loc.gov/MARC21/slim"><record><leader>00396nam--2200133-i-4500</leader><controlfield tag="001">000049272</controlfield><controlfield tag="002">20161230</controlfield><controlfield tag="005">20161230201047</controlfield><controlfield tag="008">060222s1000------------r-----000-0-eng-d</controlfield><datafield ind1=" " ind2=" " tag="080"><subfield code="a">55(498)</subfield></datafield><datafield ind1=" " ind2=" " tag="100"><subfield code="a">Pascu, Radu</subfield></datafield><datafield ind1=" " ind2=" " tag="245"><subfield code="a">Studii geologice si miniere in judetul tulcea (dobrogea)</subfield></datafield><datafield ind1=" " ind2=" " tag="260"><subfield code="a">Bucuresti, Ministerul Agriculturii, Industriei, Comertului Si Domeniilor, 1904, 50p</subfield></datafield><datafield ind1=" " ind2=" " tag="852"><subfield code="a">48155</subfield></datafield></record></collection>